@online{ekspla-specs,
	title = {PL2230 series. Diode Pumped High Energy Picosecond Nd:YAG Lasers},
	year = {2022},
	url = {https://ekspla.com/product/pl2230-series-high-energy-full-dpss-mode-locked-ndyag-lasers/#publications},
	urldate = {2022-12-09}
}

@article{efish-nitrogen,
	title = {Electric field in APTD in nitrogen determined by EFISH,
		FNS/SPS ratio, $\alpha$-fitting and electrical model},
	year = {2022},
	url = {},
	urldate = {2022-11-22}
}

@incollection{lif-oh,
	author = {Jan Voráč and Pavel Dvořák and Martina Mrkvičková},
	title = {Laser-Induced Fluorescence of Hydroxyl (OH)
		Radical in Cold Atmospheric Discharges},
	booktitle = {Photon Counting},
	publisher = {IntechOpen},
	address = {Rijeka},
	year = {2017},
	editor = {Nikolay Britun and Anton Nikiforov},
	chapter = {6},
	doi = {10.5772/intechopen.72274},
	url = {https://doi.org/10.5772/intechopen.72274}
}
